@article{ferguson_impact_2020,
	title = {Impact of non-pharmaceutical interventions (NPIs) to reduce COVID-19 mortality and healthcare demand},
	language = {en},
	author = {Ferguson, Neil M and Laydon, Daniel and Nedjati-Gilani, Gemma and Imai, Natsuko and Ainslie, Kylie and Baguelin, Marc and Bhatia, Sangeeta and Boonyasiri, Adhiratha and Cucunub√°, Zulma and Cuomo-Dannenburg, Gina and Dighe, Amy and Fu, Han and Gaythorpe, Katy and Thompson, Hayley and Verity, Robert and Volz, Erik and Wang, Haowei and Wang, Yuanrong and Walker, Patrick GT and Walters, Caroline and Winskill, Peter and Whittaker, Charles and Donnelly, Christl A and Riley, Steven and Ghani, Azra C},
	year = {2020},
	journal={Imperial College Publications},
	url={https://www.imperial.ac.uk/media/imperial-college/medicine/sph/ide/gida-fellowships/Imperial-College-COVID19-NPI-modelling-16-03-2020.pdf}
}

@article{clarke_wright_1964,
	title = {Scheduling of vehicles from a central depot to a number of delivery points},
	author = {Clarke, G and Wright, G},
	year = {1964},
	journal = {Operations Research},
	volume = {12},
	pages = {568--581},
}

@article{nice_covid_mar_2020,
    title = {COVID-19 rapid guideline: dialysis service delivery NICE guideline [NG160] Published date: 20 March 2020},
    author = {National Institute for Health and Care Excellence},
    year = {2020},
    journal = {Available at https://www.nice.org.uk/guidance/ng160}
}
    
    
